% Encoding: UTF-8

@Book{gost_19.701,
  title     = {ГОСТ 19.701-90. Единая система программной документации. Схемы алгоритмов, программ, данных и систем. Условные обозначения и правила выполнения.},
  publisher = {Издательство стандартов},
  year      = {1991},
  address   = {М.},
  note      = {Введ. 01.01.1992},
}

@Book{gluhova,
  title     = {Основы алгоритмизации и программирования: лаб. практикум для студ. спец. 1-40 01 01 "Программное обеспечение информационных технологий" дневной формы обуч. В 4 ч.},
  publisher = {БГУИР},
  year      = {2004},
  author    = {Л. А. Глухова and Е. П. Фадеева and Е. Е. Фадеева},
  address   = {Минск},
}

@Book{domanov,
  title     = {Стандарт предприятия. Дипломные проекты (работы). Общие требования.},
  publisher = {БГУИР},
  year      = {2010},
  author    = {А. Т. Доманов and Н. И. Сорока},
  address   = {Минск},
}

% Yan

@Misc{mobile_business,
  title        = {Зачем мобильные приложения бизнесу? [Электронный ресурс]},
  howpublished = {Электронные данные},
  note         = {Режим доступа: https://loyaltyplant.com/ru/blog/mobilnye-prilozhenia-business.},
}

@Misc{wiki_mobile_def,
  title        = {Определение мобильного приложения [Электронный ресурс]},
  howpublished = {Электронные данные},
  note         = {Режим доступа: https://en.wikipedia.org/wiki/Mobile-app.},
}

@Misc{mobile_market,
  title        = {Обзор рынка мобильных приложений: стоит ли игра свеч? [Электронный ресурс]},
  howpublished = {Электронные данные},
  note         = {Режим доступа: https://habr.com/post/291238/.},
}

@Misc{mobile_tendency,
  title        = {Тенденции развития рынка мобильных приложений: итоги 2017 [Электронный ресурс]},
  howpublished = {Электронные данные},
  note         = {Режим доступа: https://www.byyd.me/ru/blog/2017/12/mobile-app-market-trends-2017-results/.},
}

@Misc{wiki_iot,
  title        = {Определение интернета вещей [Электронный ресурс]},
  howpublished = {Электронные данные},
  note         = {Режим доступа:https://ru.wikipedia.org/wiki/Интернет\_вещей.},
}

@Misc{iot_belarus_velcom,
  title        = {В Беларуси разрешили запустить первую сеть для «интернета вещей» [Электронный ресурс]},
  howpublished = {Электронные данные},
  note         = {Режим доступа:http://startupweekend.by/2017/10/v-belarusi-razreshili-zapustit-pervuyu-set-dlya-interneta-veshhej/.},
}

@Misc{iot_belarus_prog,
  title        = {В Беларуси уже используются технологии "интернета вещей" [Электронный ресурс]},
  howpublished = {Электронные данные},
  note         = {Режим доступа:https://www.sb.by/articles/est-veshchi-i-veshchi.html},
}

@Misc{iot_data_2019,
  title        = {Интернет вещей, IoT, мировой рынок [Электронный ресурс]},
  howpublished = {Электронные данные},
  note         = {Режим доступа:http://www.tadviser.ru/index.php/},
}

@Misc{sampad_data,
  title        = {ООО ``Сампад'', сайт компании [Электронный ресурс]},
  howpublished = {Электронные данные},
  note         = {Режим доступа:https://www.itexus.com/},
}

@Misc{mobile_apps_iot,
  title        = {Мобильные приложения для управления всем [Электронный ресурс]},
  howpublished = {Электронные данные},
  note         = {Режим доступа:https://iot.ru/gorodskaya-sreda/mobilnye-prilozheniya-dlya-upravleniya-vsem},
}

@Misc{swift_doc,
  title        = {Документация по языку Swift [Электронный ресурс]},
  howpublished = {Электронные данные},
  note         = {Режим доступа:https://swift.org/documentation/},
}

@Misc{objc_doc,
  title        = {Все об Objective C [Электронный ресурс]},
  howpublished = {Электронные данные},
  note         = {Режим доступа:https://habr.com/ru/post/107126/},
}

@Misc{firebase_doc,
  title        = {Firebase документация [Электронный ресурс]},
  howpublished = {Электронные данные},
  note         = {Режим доступа:https://firebase.google.com/?hl=RU},
}

@Misc{xcode_info,
  title        = {Информация об Xcode [Электронный ресурс]},
  howpublished = {Электронные данные},
  note         = {Режим доступа:https://developer.apple.com/xcode/},
}

@Misc{firebase_hosting,
  title        = {Firebase Hosting, информация о системе [Электронный ресурс]},
  howpublished = {Электронные данные},
  note         = {Режим доступа:https://firebase.google.com/docs/hosting/},
}

@Misc{firebase_database,
  title        = {Firebase Realtime Database, информация о системе [Электронный ресурс]},
  howpublished = {Электронные данные},
  note         = {Режим доступа:https://firebase.google.com/docs/database/},
}

% End Yan

@Book{kulikov_testing,
  title     = {Тестирование программного обеспечения. Базовый курс},
  publisher = {EPAM Systems, RD Dep.},
  year      = {2017},
  author    = {С. С. Куликов},
  note      = {http://svyatoslav.biz/software\_testing\_book/},
}

@Book{kulikov,
  title     = {Работа с MySQL, MS SQL Server и Oracle в примерах. Практическое пособие для программистов и тестировщиков .},
  publisher = {EPAM Systems, RD Dep.},
  year      = {2016},
  author    = {С. С. Куликов},
  note      = {http://svyatoslav.biz/database\_book/},
}

@Book{practical_tutorial_sql,
  title     = {Практическое руководство по SQL},
  publisher = {Вильямс},
  year      = {2002},
  author    = {Дж. Боуман and С. Эмерсон and М. Дарновски},
}

@Misc{istqb_specification,
  title        = {ISTQB glossary -- Specification [Электронный ресурс]},
  howpublished = {Электронные данные},
  note         = {Режим доступа: http://glossary.astqb.org/search/specification. --- Дата доступа: 25.03.18},
}

@Book{gost_7.0,
  title     = {ГОСТ 7.0-99 Информационно-библиотечная деятельность, библиография. Термины и определения},
  publisher = {Межгосударственный совет по стандартизации, метрологии и сертификации},
  year      = {1999},
  address   = {М.},
}

@Misc{iso_iec_vocabulary,
  title        = {ISO/IEC/IEEE 24765:2010 Systems and software engineering — Vocabulary [Электронный ресурс]},
  howpublished = {Электронные данные},
  note         = {Режим доступа: https://www.iso.org/obp/ui/\#iso:std:iso-iec-ieee:24765:ed-1:v1:en. --- Дата доступа: 11.12.16},
  timestamp    = {2016-12-11},
}

@Misc{iso_iec_it_vocabulary,
  title        = {ISO/IEC 2382-1:1993, Information technology — Vocabulary — Part 1: Fundamental terms [Электронный ресурс]},
  howpublished = {Электронные данные},
  note         = {Режим доступа: https://www.iso.org/obp/ui/\#iso:std:iso-iec-ieee:2382:ed-1:v1:en. --- Дата доступа: 11.12.16},
  timestamp    = {2016-12-11},
}

@Misc{habr_db_tutorial,
  title        = {Руководство по проектированию реляционных баз данных (1-3 часть из 15) [Электронный ресурс]},
  howpublished = {Электронные данные},
  note         = {Режим доступа: https://habrahabr.ru/post/193136/. --- Дата доступа: 11.12.16},
}

@Misc{habr_crossplatform,
  title        = {Как правильно переходить границу: кроссплатформенность в мобильном приложении [Электронный ресурс]},
  howpublished = {Электронные данные},
  note         = {Режим доступа: https://habrahabr.ru/company/parallels/blog/254325/. --- Дата доступа: 26.04.18},
}

@Book{kulikov_db_workbook,
  title   = {Базы данных. Рабочая тетрадь.},
  author  = {С. С. Куликов},
  address = {Минск},
}

@Article{codd,
  author  = {E. F. Codd},
  title   = {A Relational Model of Data for Large Shared Data Banks},
  journal = {Communication of the ACM},
  year    = {1970},
  volume  = {13},
  number  = {6},
}

@Book{code_complete,
  title     = {Совершенный код. Мастер-класс / Пер. с англ.},
  publisher = {Издательско-торговый дом <<Русская редакция>>},
  year      = {2010},
  author    = {С. Макконнелл},
  address   = {М.},
  language  = {russian},
  pages     = {896},
}

@Book{time_management,
  title     = {Тайм-менеджмент. Полный курс : Учебное пособие},
  publisher = {Альпина Паблишер},
  year      = {2012},
  author    = {Г. А. Архангельский and М. А. Лукашенко and Т. В. Телегина and С. В. Бехтерев},
  address   = {М.},
}


@Misc{task_management,
  title        = {6 key elements for better Task Management [Электронный ресурс]},
  howpublished = {Электронные данные},
  note         = {Режим доступа: http://www.techrepublic.com/article/6-key-elements-for-better-task-management/. --- Дата доступа: 21.04.18},
}

@Misc{typescript,
  title        = {TypeScript [Электронный ресурс]},
  howpublished = {Электронные данные},
  note         = {Режим доступа: https://www.typescriptlang.org. --- Дата доступа: 26.04.18},
}

@Misc{modern_apps,
  title        = {Modern Apps - Use TypeScript in Modern Apps [Электронный ресурс]},
  howpublished = {Электронные данные},
  note         = {Режим доступа: https://msdn.microsoft.com/en-us/magazine/dn201754.aspx. --- Дата доступа: 26.04.18},
}

@Misc{nativescript,
  title        = {NativeScript [Электронный ресурс]},
  howpublished = {Электронные данные},
  note         = {Режим доступа: https://www.nativescript.org. --- Дата доступа: 26.04.18},
}

@Misc{desktop_vs_web_deeper_look,
  author       = {Dmitriy Bychkov},
  title        = {Desktop vs. Web Applications: A Deeper Look and Comparison [Электронный ресурс]},
  howpublished = {Электронные данные},
  note         = {Режим доступа: http://www.seguetech.com/desktop-vs-web-applications/. --- Дата доступа: 27.04.18},
}

@Misc{msdn_desktop_vs_web,
  author       = {Paul D. Sheriff},
  title        = {Designing for Web or Desktop? [Электронный ресурс]},
  howpublished = {Электронные данные},
  note         = {Режим доступа: https://msdn.microsoft.com/en-us/library/ms973831.aspx. --- Дата доступа: 27.04.18},
}

@Misc{web_based_vs_desktop,
  author       = {Sam Shaaban},
  title        = {Web-Based vs “Desktop” Software [Электронный ресурс]},
  howpublished = {Электронные данные},
  note         = {Режим доступа: https://nurelm.com/web-based-vs-desktop-software/. --- Дата доступа: 27.04.18},
}

@Misc{desktop_mobile_differences,
  author       = {Jason Summerfield},
  title        = {Mobile Website vs. Mobile App: Which is Best for Your Organization? [Электронный ресурс]},
  howpublished = {Электронные данные},
  note         = {Режим доступа: https://www.hswsolutions.com/services/mobile-web-development/mobile-website-vs-apps/. --- Дата доступа: 28.04.18},
}

@Book{architecture_volosevich,
  title     = {Архитектура программного обеспечения: Курс лекций для студентов специальности 1-40 01 03 Информатика и технологии программирования},
  publisher = {БГУИР},
  year      = {2013},
  author    = {А. А. Волосевич},
  address   = {Минск},
}

@Book{application_architecture_guide,
  title     = {Microsoft® Application Architecture Guide (Patterns \& Practices)},
  publisher = {Microsoft Press},
  year      = {2009},
  author    = {Microsoft Patterns \& Practices Team},
  isbn      = {9780735627109},
}

@InBook{introduction_to_architecture,
  title     = {An Introduction to Software Architecture},
  publisher = {World Scientific Publishing Company},
  year      = {1994},
  author    = {David Garlan and Mary Shaw},
  editor    = {V Ambriola and G Tortora},
  volume    = {I},
  address   = {New Jersey},
  journal   = {Advances in Software Engineering and Knowledge Engineering},
  howpublished = {Электронные данные},
  note         = {Режим доступа: http://www.cs.cmu.edu/afs/cs/project/able/ftp/intro\_softarch/intro\_softarch.pdf. --- Дата доступа: 28.04.18},
}

@Book{ddd_quickly,
  title     = {Domain-Driven Design Quickly},
  publisher = {LULU PR},
  year      = {2007},
  author    = {Marinescu, Floyd and Avram, Abel},
  isbn      = {9781411609259},
  date      = {2007-12-11},
  ean       = {9781411609259},
  pagetotal = {104},
}

@Misc{paper_notebooks_power,
  author       = {Александр Ершов},
  title        = {Сила бумажных записных книжек [Электронный ресурс]},
  howpublished = {Электронные данные},
  note         = {Режим доступа: https://habrahabr.ru/post/89572/. --- Дата доступа: 31.04.18},
}

@Misc{mooc_model,
  author       = {Alexander McAuley and Bonnie Stewart and George Siemens and Dave Cormier},
  title        = {The MOOC model for digital practice [Электронный ресурс]},
  howpublished = {Электронные данные},
  note         = {Режим доступа: http://davecormier.com/edblog/wp-content/uploads/MOOC\_Final.pdf. --- Дата доступа: 01.05.18},
}

@InCollection{conference_teaching_automatization,
  author    = {А.В. Толкачев},
  title     = {Автоматизация процесса обучения},
  booktitle = {Компьютерные системы и сети: материалы 50-й научной конференции аспирантов, магистрантов и студентов (Минск, 24-28 марта 2014 г.)},
  publisher = {БГУИР},
  year      = {2014},
  address   = {Минск},
  isbn      = {978-985-488-886-6},
}

@Book{software_cost_estimation,
  title     = {Software Cost Estimation with Cocomo II},
  publisher = {Prentice Hall},
  year      = {2000},
  author    = {Barry W. Boehm and Chris Abts and A. Winsor Brown and Sunita Chulani and Bradford K. Clark and Ellis Horowitz and Ray Madachy and Donald J. Reifer and Bert Steece},
  isbn      = {0130266922},
}

@article{method_of_programming_measurement_and_estimation,
  author = {Walston, Claude E. and Felix, Charles P.},
  journal = {IBM Systems Journal},
  number = 1,
  pages = {54-73},
  title = {A Method of Programming Measurement and Estimation.},
  volume = 16,
  year = 1977
}

@Book{palitsyn,
  title     = {Технико-экономическое обоснование дипломных проектов: Метод. пособие для студ. всех спец. БГУИР. В 4-х ч. Ч. 4: Проекты программного обеспечения},
  publisher = {БГУИР},
  year      = {2006},
  author    = {В.А. Палицын},
  address   = {Мн},
  isbn      = {9854449068},
  note      = {76~с.},
}

@Misc{labour_calendar,
  author       = {Е.А. Пещенко},
  title        = {Производственный календарь на 2017 год [Электронный ресурс]},
  howpublished = {Электронные данные},
  note         = {Режим доступа: http://www.mintrud.gov.by/system/extensions/spaw/uploads/files/Kommetarij-2017-RV.pdf. --- Дата доступа: 06.05.18},
}

@Misc{belstat_average_wage,
  author       = {Белстат},
  title        = {О начисленной средней заработной плате работников в феврале 2017 г. [Электронный ресурс]},
  howpublished = {Электронные данные},
  note         = {Режим доступа: http://www.belstat.gov.by/ofitsialnaya-statistika/solialnaya-sfera/trud/operativnaya-informatsiya\_8/o-nachislennoi-srednei-zarabotnoi-plate-rabotnikov/o-nachislennoy-sredney-zarabotnoy-plate-rabotnikov-v-fevrale-2017-nbsp-g/. --- Дата доступа: 07.05.18},
}

@Misc{free_software,
  author       = {Richard Stollman},
  title        = {What is free software? [Электронный ресурс]},
  howpublished = {Электронные данные},
  note         = {Режим доступа: http://www.gnu.org/philosophy/free-sw.en.html. --- Дата доступа: 09.05.18},
}

@Misc{msdn_dotnet,
  title        = {Общие сведения о платформе .NET Framework [Электронный ресурс]},
  howpublished = {Электронные данные},
  note         = {Режим доступа: https://msdn.microsoft.com/ru-ru/library/zw4w595w(v=vs.110).aspx. --- Дата доступа: 09.05.18},
}

@Misc{msdn_charp,
  title        = {Введение в язык C\# и .NET Framework [Электронный ресурс]},
  howpublished = {Электронные данные},
  note         = {Режим доступа: https://msdn.microsoft.com/ru-ru/library/z1zx9t92.aspx. --- Дата доступа: 09.05.18},
}

%mine

@Misc{realm_git,
  title        = {Realm [Электронный ресурс]},
  howpublished = {Электронные данные},
  note         = {Режим доступа: https://github.com/realm/realm-cocoa. --- Дата доступа: 25.04.18},
}

@Misc{mvc_definition,
  title        = {Model-View-Controller [Электронный ресурс]},
  howpublished = {Электронные данные},
  note         = {Режим доступа: https://ru.wikipedia.org/wiki/Model-View-Controller. --- Дата доступа: 25.04.18},
}


@Misc{habr_realm_introduction,
  title        = {Как подружиться с Realm [Электронный ресурс]},
  howpublished = {Электронные данные},
  note         = {Режим доступа: https://habr.com/company/fairbear/blog/326152/. --- Дата доступа: 25.04.18},
}

% mine end

@Misc{react,
  title        = {React. A javascript library for building user interfaces [Электронный ресурс]},
  howpublished = {Электронные данные},
  note         = {Режим доступа: https://facebook.github.io/react/. --- Дата доступа: 23.05.18},
}

@Misc{mobx_introduction,
  title        = {MobX. Ten minute introduction to MobX and React [Электронный ресурс]},
  howpublished = {Электронные данные},
  note         = {Режим доступа: https://mobx.js.org/getting-started.html. --- Дата доступа: 23.05.18},
}

@Misc{presentational_and_container_components,
  author       = {Dan Abramov},
  title        = {Presentational and Container Components [Электронный ресурс]},
  howpublished = {Электронные данные},
  note         = {Режим доступа: https://medium.com/$@$dan\_abramov/smart-and-dumb-components-7ca2f9a7c7d0. --- Дата доступа: 23.05.18},
}

@Misc{styling_react,
  author       = {Антон Жуков},
  title        = {Стилизация React-компонентов [Электронный ресурс]},
  howpublished = {Электронные данные},
  note         = {Режим доступа: habrahabr.ru/company/devexpress/blog/283314/. --- Дата доступа: 24.05.18},
}

@Misc{sass_guide,
  title        = {Основы Sass [Электронный ресурс]},
  howpublished = {Электронные данные},
  note         = {Режим доступа: https://sass-scss.ru/guide/. --- Дата доступа: 24.05.18},
}

@Misc{mobx_best_practices,
  title        = {Best Practices for building large scale maintainable projects [Электронный ресурс]},
  howpublished = {Электронные данные},
  note         = {Режим доступа: https://mobx.js.org/best/store.html. --- Дата доступа: 27.05.18},
}

@Misc{moodle_habr,
  title        = {Moodle, как платформа организации eLearning и дистанционного обучения [Электронный ресурс]},
  howpublished = {Электронные данные},
  note         = {Режим доступа: https://habrahabr.ru/post/139629/. --- Дата доступа: 07.05.17},
}

@Comment{jabref-meta: databaseType:bibtex;}
